<record><leader>00000cas a22000007a 4500</leader><controlfield tag="001">9866750</controlfield><controlfield tag="008">830831d18831918vi dr ne      0   a0eng d</controlfield><datafield ind1=" " ind2=" " tag="010"><subfield code="a">sn 83025890 </subfield></datafield><datafield ind1=" " ind2=" " tag="040"><subfield code="a">NPV</subfield><subfield code="b">eng</subfield><subfield code="c">NPV</subfield><subfield code="d">DLC</subfield><subfield code="d">OCLCQ</subfield></datafield><datafield ind1=" " ind2=" " tag="042"><subfield code="a">msc</subfield></datafield><datafield ind1=" " ind2=" " tag="043"><subfield code="a">nwvi---</subfield></datafield><datafield ind1=" " ind2=" " tag="045"><subfield code="a">w8w-</subfield></datafield><datafield ind1=" " ind2=" " tag="052"><subfield code="a">5012</subfield><subfield code="b">S4</subfield></datafield><datafield ind1="0" ind2="0" tag="245"><subfield code="a">Lightbourn's mail notes.</subfield></datafield><datafield ind1=" " ind2=" " tag="260"><subfield code="a">[Charlotte Amalie] St. Thomas [V.I.] :</subfield><subfield code="b">J.N. Lightbourn,</subfield><subfield code="c">-1918.</subfield></datafield><datafield ind1=" " ind2=" " tag="300"><subfield code="a">v. ;</subfield><subfield code="c">31 cm.</subfield></datafield><datafield ind1=" " ind2=" " tag="310"><subfield code="a">Daily</subfield></datafield><datafield ind1="0" ind2=" " tag="362"><subfield code="a">-35th year (Nov. 30, 1918).</subfield></datafield><datafield ind1="1" ind2=" " tag="362"><subfield code="a">Began in 1883?</subfield></datafield><datafield ind1=" " ind2=" " tag="588"><subfield code="a">Description based on: 3rd year (Sept. 2, 1885).</subfield></datafield><datafield ind1="1" ind2=" " tag="700"><subfield code="a">Lightbourn, John N.</subfield></datafield><datafield ind1=" " ind2=" " tag="752"><subfield code="a">United States</subfield><subfield code="b">Virgin Islands</subfield><subfield code="c">St. Thomas</subfield><subfield code="d">Charlotte Amalie.</subfield></datafield><datafield ind1="0" ind2="0" tag="785"><subfield code="t">St. Thomas mail notes</subfield><subfield code="w">(DLC)sn 84037528</subfield></datafield><datafield ind1="1" ind2=" " tag="029"><subfield code="a">AU@</subfield><subfield code="b">000041885812</subfield></datafield></record>